<record><leader>00000cas a22000007a 4500</leader><controlfield tag="001">10683597</controlfield><controlfield tag="008">840502d18751906aruwr ne      0    0eng d</controlfield><datafield ind1=" " ind2=" " tag="010"><subfield code="a">sn 84023016 </subfield></datafield><datafield ind1=" " ind2=" " tag="040"><subfield code="a">NPX</subfield><subfield code="b">eng</subfield><subfield code="c">NPX</subfield><subfield code="d">DLC</subfield><subfield code="d">ANU</subfield><subfield code="d">OBN</subfield><subfield code="d">OCLCQ</subfield><subfield code="d">OCLCF</subfield><subfield code="d">OCLCO</subfield></datafield><datafield ind1="1" ind2=" " tag="029"><subfield code="a">AU@</subfield><subfield code="b">000024693488</subfield></datafield><datafield ind1=" " ind2=" " tag="042"><subfield code="a">msc</subfield></datafield><datafield ind1="0" ind2="4" tag="245"><subfield code="a">The Van Buren argus.</subfield></datafield><datafield ind1=" " ind2=" " tag="260"><subfield code="a">Van Buren, Ark. :</subfield><subfield code="b">Thayer &amp; Cass</subfield></datafield><datafield ind1=" " ind2=" " tag="300"><subfield code="a">v.</subfield></datafield><datafield ind1=" " ind2=" " tag="310"><subfield code="a">Weekly</subfield></datafield><datafield ind1="0" ind2=" " tag="362"><subfield code="a">Vol. 1, no. 1 (Dec. 25, 1875)-v. 30, no. 35 (Aug. 29, 1906).</subfield></datafield><datafield ind1=" " ind2="0" tag="651"><subfield code="a">Van Buren (Ark.)</subfield><subfield code="v">Newspapers.</subfield></datafield><datafield ind1=" " ind2="0" tag="651"><subfield code="a">Crawford County (Ark.)</subfield><subfield code="v">Newspapers.</subfield></datafield><datafield ind1=" " ind2="7" tag="655"><subfield code="a">Newspapers.</subfield><subfield code="2">fast</subfield><subfield code="0">(OCoLC)fst01423814</subfield></datafield><datafield ind1=" " ind2="7" tag="651"><subfield code="a">Arkansas</subfield><subfield code="z">Crawford County.</subfield><subfield code="2">fast</subfield><subfield code="0">(OCoLC)fst01209402</subfield></datafield><datafield ind1=" " ind2="7" tag="651"><subfield code="a">Arkansas</subfield><subfield code="z">Van Buren.</subfield><subfield code="2">fast</subfield><subfield code="0">(OCoLC)fst01211931</subfield></datafield><datafield ind1=" " ind2=" " tag="752"><subfield code="a">United States</subfield><subfield code="b">Arkansas</subfield><subfield code="c">Crawford</subfield><subfield code="d">Van Buren.</subfield></datafield><datafield ind1="0" ind2=" " tag="775"><subfield code="t">Van Buren daily argus</subfield><subfield code="w">(DLC)sn 86090913</subfield><subfield code="w">(OCoLC)15201748</subfield></datafield><datafield ind1="0" ind2="0" tag="785"><subfield code="t">Van Buren weekly argus</subfield><subfield code="w">(DLC)sn 86090904</subfield><subfield code="w">(OCoLC)15201738</subfield></datafield></record>